@Manual{R-base,
  title = {R: A Language and Environment for Statistical Computing},
  author = {{R Core Team}},
  organization = {R Foundation for Statistical Computing},
  address = {Vienna, Austria},
  year = {2022},
  url = {https://www.R-project.org/},
}
@Manual{R-papaja,
  title = {{papaja}: {Prepare} reproducible {APA} journal articles with {R Markdown}},
  author = {Frederik Aust and Marius Barth},
  year = {2022},
  note = {R package version 0.1.1.9001},
  url = {https://github.com/crsh/papaja},
}
@Manual{R-tinylabels,
  title = {{tinylabels}: Lightweight Variable Labels},
  author = {Marius Barth},
  year = {2022},
  note = {R package version 0.2.3},
  url = {https://cran.r-project.org/package=tinylabels},
}

@book{tsa4,
  title={Time series analysis and its applications},
  author={Shumway, Robert H and Stoffer, David S},
  year={2000},
  publisher={Springer}
}


@Manual{R-astsa,
  title = {astsa: Applied Statistical Time Series Analysis},
  author = {David Stoffer and Nicky Poison},
  year = {2024},
  note = {R package version 2.1},
  url = {https://CRAN.R-project.org/package=astsa},
}
@Manual{R-aTSA,
  title = {aTSA: Alternative Time Series Analysis},
  author = {Debin Qiu},
  year = {2024},
  note = {R package version 3.1.2.1},
  url = {https://CRAN.R-project.org/package=aTSA},
}
@Manual{R-expsmooth,
  title = {expsmooth: Data Sets from "Forecasting with Exponential Smoothing"},
  author = {Rob J Hyndman},
  year = {2015},
  note = {R package version 2.3},
  url = {https://CRAN.R-project.org/package=expsmooth},
}
@Book{R-fma,
  title = {Forecasting: methods and applications},
  author = {Spyros Makridakis and Steve Wheelwright and Rob J Hyndman},
  year = {1998},
  publisher = {John Wiley & Sons},
}
@Article{R-forecast,
  title = {Automatic time series forecasting: the forecast package for {R}},
  author = {Rob J Hyndman and Yeasmin Khandakar},
  journal = {Journal of Statistical Software},
  volume = {27},
  number = {3},
  pages = {1--22},
  year = {2008},
  doi = {10.18637/jss.v027.i03},
}
@Manual{R-fpp2,
  title = {fpp2: Data for "Forecasting: Principles and Practice" (2nd Edition)},
  author = {Rob Hyndman},
  year = {2023},
  note = {R package version 2.5},
  url = {https://CRAN.R-project.org/package=fpp2},
}
@Article{R-ggfortify,
  author = {Yuan Tang and Masaaki Horikoshi and Wenxuan Li},
  title = {ggfortify: Unified Interface to Visualize Statistical Result of Popular R Packages},
  journal = {The R Journal},
  year = {2016},
  number = {2},
  volume = {8},
  pages = {474--485},
  url = {https://doi.org/10.32614/RJ-2016-060},
  doi = {10.32614/RJ-2016-060},
}
@Book{R-ggplot2,
  author = {Hadley Wickham},
  title = {ggplot2: Elegant Graphics for Data Analysis},
  publisher = {Springer-Verlag New York},
  year = {2016},
  isbn = {978-3-319-24277-4},
  url = {https://ggplot2.tidyverse.org},
}
@Manual{R-ldsr,
  title = {ldsr: Linear Dynamical System Reconstruction},
  author = {Hung Nguyen},
  year = {2020},
  note = {R package version 0.0.2},
  url = {https://CRAN.R-project.org/package=ldsr},
}
@Article{R-lmtest,
  title = {Diagnostic Checking in Regression Relationships},
  author = {Achim Zeileis and Torsten Hothorn},
  journal = {R News},
  year = {2002},
  volume = {2},
  number = {3},
  pages = {7--10},
  url = {https://CRAN.R-project.org/doc/Rnews/},
}
@Book{R-plotly,
  author = {Carson Sievert},
  title = {Interactive Web-Based Data Visualization with R, plotly, and shiny},
  publisher = {Chapman and Hall/CRC},
  year = {2020},
  isbn = {9781138331457},
  url = {https://plotly-r.com},
}
@Manual{R-readr,
  title = {readr: Read Rectangular Text Data},
  author = {Hadley Wickham and Jim Hester and Jennifer Bryan},
  year = {2024},
  note = {R package version 2.1.5},
  url = {https://CRAN.R-project.org/package=readr},
}
@Manual{R-rugarch,
  title = {rugarch: Univariate GARCH models.},
  author = {Alexios Galanos},
  year = {2023},
  note = {R package version 1.5-1.},
}
@Manual{R-tseries,
  title = {tseries: Time Series Analysis and Computational Finance},
  author = {Adrian Trapletti and Kurt Hornik},
  year = {2023},
  note = {R package version 0.10-55},
  url = {https://CRAN.R-project.org/package=tseries},
}
@Article{R-zoo,
  title = {zoo: S3 Infrastructure for Regular and Irregular Time Series},
  author = {Achim Zeileis and Gabor Grothendieck},
  journal = {Journal of Statistical Software},
  year = {2005},
  volume = {14},
  number = {6},
  pages = {1--27},
  doi = {10.18637/jss.v014.i06},
}
@Manual{R-magick,
  title = {magick: Advanced Graphics and Image-Processing in R},
  author = {Jeroen Ooms},
  year = {2024},
  note = {R package version 2.8.3},
  url = {https://CRAN.R-project.org/package=magick},
}
